@misc{wikipedia,
    title={Wikipedia},
    howpublished = {\url{https://www.wikipedia.org}}
}

@BOOK{CPP_Primer,
  title = {C++ Primer},
  author = {Stanley B. Lippman and Jos√©e Lajoie and Barbara E. Moo},
  publisher = {Addison-Wesley Professional},
  year = {2010},
  edition = {Fifth},
  ISBN = {9780133053043}
}

@BOOK{Computer_Networking_and_the_Internet,
  title = {Computer Networking and the Internet},
  author = {Fred Halsall},
  publisher = {Addison-Wesley},
  year = {2005},
  edition = {Fifth},
  ISBN = {0321263588}
}

@BOOK{Ingegneria_del_software,
  title = {Ingegneria del software},
  author = {Ian Sommerville},
  publisher = {Pearson},
  year = {2007},  
  ISBN = {8871923545}
}

@BOOK{Understanding_the_Linux_Kernel,
  title = {Understanding the Linux Kernel},
  author = {Daniel P. Bovet and Marco Cesati},
  publisher = {O'Reilly Media},
  year = {2005},  
  ISBN = {0596005652}
}

@BOOK{Windows_Server_2012,
  title = {Windows Server 2012. La guida},
  author = {Samara Lynn},
  publisher = {Tecniche Nuove},
  year = {2013},  
  ISBN = {8848128734}
}