%license:BSD-3-Clause
%copyright-holders:Michele Maione
%============================================================
%
%	Piattaforma di cloud gaming per giochi arcade
%
%============================================================

% Telefilm
@misc{High_Score,	
	title = {{High Score} - Ep. 1 - {Boom \& Bust}},
	author = {William Acks and Sam LaCroix and France Costrel and Melissa Wood},
	month = {8},
	year = {2020}
}


% REPO
@misc{JSMpeg,
	title = {{JSMpeg - MPEG1 Video \& MP2 Audio Decoder in JavaScript}},
	howpublished = {\url{github.com/phoboslab/jsmpeg}},
	author = {Dominic Szablewski},
	year = {2021},
	month = {4},
	note = {Accessed: 2021-04-05}	
}

@misc{Keypress,
	title = {Keypress},
	howpublished = {\url{github.com/dmauro/Keypress}},
	author = {David Mauro},
	year = {2021},
	month = {4},
	note = {Accessed: 2021-04-21}
}

@misc{gameController_js,
	title = {gameController.js},
	howpublished = {\url{github.com/alvaromontoro/gamecontroller.js}},
	author = {Alvaro Montoro},
	year = {2021},
	month = {4},
	note = {Accessed: 2021-04-21}
}


% URL documentazione
@misc{SDL_Wiki,
	title = {{SDL Wiki}},
	howpublished = {\url{wiki.libsdl.org}},		
	author = {SDL Community},
	year = {2020},
	month = {12},
	note = {Accessed: 2021-03-29}
}

@misc{FFmpeg_Documentation,
	title = {{FFmpeg Documentation}},
	howpublished = {\url{ffmpeg.org/doxygen/trunk}},
	author = {FFmpeg team},
	year = {2021},
	month = {3},
	note = {Accessed: 2021-03-30}
}

@misc{WebSocket_Web_APIs,
	title = {{WebSocket - Web APIs}},
	howpublished = {\url{developer.mozilla.org/en-US/docs/Web/API/WebSocket}},
	author = {Mozilla},
	year = {2021},
	month = {2},
	note = {Accessed: 2021-04-16}
}

@misc{WebGL,
	title = {{WebGL}},
	howpublished = {\url{developer.mozilla.org/en-US/docs/Web/API/WebGL_API}},
	author = {Mozilla},
	year = {2021},
	month = {3},
	note = {Accessed: 2021-04-21}
}

@misc{Canvas_API,
	title = {{Canvas API}},
	howpublished = {\url{developer.mozilla.org/en-US/docs/Web/API/Canvas_API}},
	author = {Mozilla},
	year = {2021},
	month = {2},
	note = {Accessed: 2021-04-21}
}

@misc{Web_APIs,
	title = {{Web APIs}},
	howpublished = {\url{developer.mozilla.org/en-US/docs/Web/API}},
	author = {Mozilla},
	year = {2020},
	month = {9},
	note = {Accessed: 2021-04-21}
}

@misc{Audio_and_video_delivery,
	title = {Audio and Video Delivery},
	howpublished = {\url{developer.mozilla.org/en-US/docs/Web/Guide/Audio_and_video_delivery}},
	author = {Mozilla},
	year = {2021},
	month = {3},
	note = {Accessed: 2021-04-16}
}

@misc{MAME,
	title = {The Official Site of the MAME Development Team},
	howpublished = {\url{mamedev.org}},
	author = {MAME Team},
	year = {2021},
	month = {4},
	note = {Accessed: 2021-05-03}
}


% URL vari
@misc{I_4_fallimenti_più_clamorosi_del_decennio,
	title = {I 4 fallimenti più clamorosi del decennio},
	howpublished = {\url{wired.it/economia/business/2019/12/27/fallimenti-decennio}},
	author = {Andrea Pitozzi},
	year = {2019},
	month = {12},
	note = {Accessed: 2021-05-16}
}

@misc{Global_Cloud_Gaming_Report,
	title = {Global Cloud Gaming Report},
	howpublished = {\url{newzoo.com/global-cloud-gaming-report}},
	author = {Newzoo},
	year = {2020},
	month = {4},
	note = {Accessed: 2021-04-09}
}

@misc{Cloud_gaming_history,
	title = {Cloud gaming’s history of false starts and promising reboots},
	howpublished = {\url{polygon.com/features/2020/10/15/21499273/cloud-gaming-history-onlive-stadia-google}},
	author = {JP Mangalindan},
	year = {2020},
	month = {10},
	note = {Accessed: 2021-04-09}
}

@misc{Gaikai_Beta,
	title = {Gaikai enters closed beta, we get an exclusive first look},
	howpublished = {\url{engadget.com/2010-12-02-gaikai-enters-closed-beta-we-get-an-exclusive-first-look.html}},
	author = {Sean Hollister},
	year = {2010},
	month = {12},
	note = {Accessed: 2021-05-07}
}

@misc{Gaikai_open_platform,
	title = {Gaikai Open Platform},
	howpublished = {\url{gaikai.com/open-platform}},
	author = {Gaikai},
	year = {2012},
	month = {6},
	note = {Accessed: 2021-05-12}
}

@misc{Project_Atlas,
	title = {Project {Atlas}},
	howpublished = {\url{ea.com/news/announcing-project-atlas}},
	author = {Electronic Arts},
	year = {2018},
	month = {10},
	note = {Accessed: 2021-04-09}
}

@misc{CloudUnion,
	title = {Cloud Union},
	howpublished = {\url{cloudunion.cn}},
	author = {Beijing Cloud Union},
	year = {2018},
	month = {8},
	note = {Accessed: 2021-05-07}
}

@misc{Amazon_Luna,
	title = {Amazon {Luna}},
	howpublished = {\url{amazon.com/luna}},
	author = {Amazon},
	year = {2021},
	month = {4},
	note = {Accessed: 2021-04-10}
}

@misc{Amazon_Luna_WebRTC,
	title = {Amazon {Luna} servers will run {Windows} games directly on {Nvidia T4 GPUs}},
	howpublished = {\url{arstechnica.com/gaming/2020/09/amazon-luna-supports-existing-windows-games-on-turing-level-gpus}},
	author = {Kyle Orland},
	year = {2020},
	month = {9},
	note = {Accessed: 2021-05-13}
}

@misc{Amazon_Luna_GPU,
	title = {Amazon’s {Luna} game streaming service is powered by {Windows and Nvidia GPUs}},
	howpublished = {\url{theverge.com/2020/9/25/21455610/amazon-luna-game-streaming-windows-nvidia-gpu-servers}},
	author = {Tom Warren},
	year = {2020},
	month = {9},
	note = {Accessed: 2021-05-12}
}

@misc{Google_Stadia,
	title = {Google {Stadia}},
	howpublished = {\url{stadia.google.com}},
	author = {Google},
	year = {2021},
	month = {4},
	note = {Accessed: 2021-04-10}
}

@misc{Google_Stadia_GPU,
	title = {Google Partners with {AMD} for Custom {Stadia GPU}},
	howpublished = {\url{stadia.dev/intl/fr_ca/blog/google-partners-with-amd-for-custom-stadia-gpu}},
	author = {Google},
	year = {2019},
	month = {3},
	note = {Accessed: 2021-05-12}
}

@misc{Google_Stadia_Server,
	title = {Welcome to {Stadia}},
	howpublished = {\url{stadia.dev/intl/it_it/blog/welcome-to-stadia}},
	author = {Google},
	year = {2019},
	month = {3},
	note = {Accessed: 2021-05-12}
}

@misc{Xbox_Game_Pass_cloud_gaming,
	title = {Xbox {Game Pass} cloud gaming},
	howpublished = {\url{xbox.com/en-US/xbox-game-pass/cloud-gaming}},
	author = {Microsoft},
	year = {2021},
	month = {4},
	note = {Accessed: 2021-04-09}
}

@misc{xCloud_beta,
	title = {Microsoft Announces Global Game Streaming Service, Project {xCloud}, Beta Next Year},
	howpublished = {\url{ign.com/articles/2018/10/08/microsoft-announces-global-game-streaming-service-project-xcloud-beta-next-year}},
	author = {Adam Bankhurst},
	year = {2018},
	month = {10},
	note = {Accessed: 2021-05-12}
}

@misc{xCloudBlade,
	title = {Microsoft to upgrade its {xCloud} servers to {Xbox Series X} hardware in 2021},
	howpublished = {\url{theverge.com/2020/6/18/21295326/microsoft-project-xcloud-xbox-series-x-servers-hardware-2021}},
	author = {Tom Warren},
	year = {2020},
	month = {6},
	note = {Accessed: 2021-05-12}
}

@misc{PlayStation_Now,
	title = {PlayStation {Now}},
	howpublished = {\url{playstation.com/en-us/ps-now}},
	author = {Sony},
	year = {2021},
	month = {4},
	note = {Accessed: 2021-04-10}
}

@misc{PlayStation_Now_Chip,
	title = {{Sony’s PlayStation Now} uses custom-designed hardware with eight PS3s on a single motherboard},
	howpublished = {\url{extremetech.com/gaming/175005-sonys-playstation-now-uses-custom-designed-hardware-with-eight-ps3s-on-a-single-motherboard}},
	author = {Ryan Whitwam},
	year = {2014},
	month = {1},
	note = {Accessed: 2021-05-12}
}

@misc{GeForce_Now,
	title = {GeForce {Now}},
	howpublished = {\url{nvidia.com/en-us/geforce-now}},
	author = {Nvidia},
	year = {2021},
	month = {4},
	note = {Accessed: 2021-04-11}
}

@misc{RemoteMyApp_Vortex,
	title = {Vortex cloud gaming},
	howpublished = {\url{vortex.gg}},
	author = {RemoteMyApp},
	year = {2021},
	month = {4},
	note = {Accessed: 2021-04-19}
}

@misc{Playkey,
	title = {Playkey},
	howpublished = {\url{playkey.io}},
	author = {Playkey},
	year = {2021},
	month = {4},
	note = {Accessed: 2021-04-19}
}

@misc{Apple_controversy,
	title = {Apple issues new rules for App Store that will impact streaming game services from Google and Microsoft},
	howpublished = {\url{cnbc.com/2020/09/11/apple-app-store-new-rules-will-affect-google-stadia-microsoft-xcloud.html}},
	author = {Kif Leswing},
	year = {2020},
	month = {9},
	note = {Accessed: 2021-04-20}
}


% Paper
@article{Cloud_Gaming_Architecture_and_Performance,
	title = {Cloud Gaming: Architecture and Performance},
	author = {Ryan Shea and Jiangchuan Liu and Edith C.-H. Ngai and Yong Cui},
	journal = {IEEE Network},
	publisher = {IEEE},
	volume = {27},
	year = {2013},
	month = {8},
}

@article{Dissecting_the_protocol_and_network_traffic_of_the_OnLive_cloud_gaming_platform,
	title = {Dissecting the protocol and network traffic of the {OnLive} cloud gaming platform},
	author = {M. Manzano and M. Urueña and M. Sužnjević and E. Calle and J. A. Hernández and M. Matijasevic},
	journal = {Multimedia Systems},
	publisher = {Springer},
	year = {2014},
	month = {3},
}

@article{Cloud_for_Gaming,
	title = {Cloud for Gaming},
	author = {Gabriele D'Angelo and Stefano Ferretti and Moreno Marzolla},
	journal = {Encyclopedia of Computer Graphics and Games},
	publisher = {Springer},
	year = {2015},
	month = {5},
}

@conference{Network_Analysis_of_the_Sony_Remote_Play_System,
	booktitle = {2016 IEEE Symposium on Computers and Communication (ISCC)},
	title = {Network Analysis of the {Sony} Remote Play System},
	author = {Dario Maggiorini and Laura Anna Ripamonti and Giacomo Quadrio and Armir Bujari and Claudio Enrico Palazzi and Daniele Ronzani},	
	publisher = {IEEE},
	year = {2016},
	month = {6},
}

@booklet{A_Network_Analysis_on_Cloud_Gaming_Stadia_GeForce_Now_and_PSNow,
	title = {A Network Analysis on Cloud Gaming: {Stadia, GeForce Now and PSNow}},
	author = {Andrea Di Domenico and Gianluca Perna and Martino Trevisan and Luca Vassio and Danilo Giordano},	
	year = {2021},
	month = {4},
}

%Tesi
@mastersthesis{ARealTimeStreamingGamesonDemandSystem,
	title = {A Real-Time Streaming Games-on-Demand System},
	author = {T HEOFILOS K ARACHRISTOS},
	school = {Carnegie Mellon University},
	year = {2007}
}

@mastersthesis{CombinedICTTechnologiesforSupervisionofComplexOperationsinResilientCommunities,
	title = {Combined {ICT} Technologies for Supervision of Complex Operations in Resilient Communities},
	author = {Seyyed Sadegh Bibak Sareshkeh},
	school = {Politecnico di Torino},
	year = {2019}	
}


% Book
@book{CPP_Primer,
	title = {C++ {Primer}},
	author = {Stanley B. Lippman and Josée Lajoie and Barbara E. Moo},
	publisher = {Addison-Wesley Professional},
	year = {2010},
	edition = {Fifth},
	ISBN = {9780133053043}
}

@book{Computer_Networking_and_the_Internet,
	title = {Computer Networking and the Internet},
	author = {Fred Halsall},
	publisher = {Addison-Wesley},
	year = {2005},
	edition = {Fifth},
	ISBN = {0321263588}
}

@book{Ingegneria_del_software,
	title = {Ingegneria del software},
	author = {Ian Sommerville},
	publisher = {Pearson},
	year = {2007}, 
	ISBN = {8871923545}
}

@book{Understanding_the_Linux_Kernel,
	title = {Understanding the {Linux} Kernel},
	author = {Daniel P. Bovet and Marco Cesati},
	publisher = {O'Reilly Media},
	year = {2005}, 
	ISBN = {0596005652}
}

@book{Windows_Server_2012,
	title = {Windows {Server} 2012. La guida},
	author = {Samara Lynn},
	publisher = {Tecniche Nuove},
	year = {2013}, 
	ISBN = {8848128734}
}

@book{High_Performance_Browser_Networking,
	title = {High Performance Browser Networking},
	author = {Ilya Grigorik},
	publisher = {O'Reilly Media, Inc.},
	year = {2013}, 
	ISBN = {1449344763}
}