% Telefilm
@article{High_Score,
	journal = {High Score},
	title = {Ep. 1 - Boom \& Bust},
	author = {William Acks and Sam LaCroix and France Costrel and Melissa Wood},
	month = {august},
	year = {2020}
}

% URL
@misc{Audio_and_video_delivery,
	title = {Audio and Video Delivery},
	howpublished = {\url{https://developer.mozilla.org/en-US/docs/Web/Guide/Audio_and_video_delivery}},
	note = {Accessed: 2021-04-16}
}

@misc{Cloud_gaming_history,
	title = {Cloud gaming’s history of false starts and promising reboots},
	howpublished = {\url{www.polygon.com/features/2020/10/15/21499273/cloud-gaming-history-onlive-stadia-google}},
	note = {Accessed: 2021-04-09}
}

@misc{Project_Atlas,
	title = {Project {Atlas}},
	howpublished = {\url{www.ea.com/news/announcing-project-atlas}},
	note = {Accessed: 2021-04-09}
}

@misc{Utomik,
	title = {Utomik},
	howpublished = {\url{www.utomik.com}},
	note = {Accessed: 2021-04-10}
}

@misc{Amazon_Luna,
	title = {Amazon {Luna}},
	howpublished = {\url{www.amazon.com/luna}},
	note = {Accessed: 2021-04-10}
}

@misc{Google_Stadia,
	title = {Google {Stadia}},
	howpublished = {\url{stadia.google.com}},
	note = {Accessed: 2021-04-10}
}

@misc{Xbox_Game_Pass_cloud_gaming,
	title = {Xbox {Game Pass} cloud gaming},
	howpublished = {\url{www.xbox.com/en-US/xbox-game-pass/cloud-gaming}},
	note = {Accessed: 2021-04-09}
}

@misc{PlayStation_Now,
	title = {PlayStation {Now}},
	howpublished = {\url{www.playstation.com/en-us/ps-now}},
	note = {Accessed: 2021-04-10}
}

@misc{GeForce_Now,
	title = {GeForce {Now}},
	howpublished = {\url{www.nvidia.com/en-us/geforce-now}},
	note = {Accessed: 2021-04-11}
}

% Book
@book{CPP_Primer,
	title = {C++ {Primer}},
	author = {Stanley B. Lippman and Josée Lajoie and Barbara E. Moo},
	publisher = {Addison-Wesley Professional},
	year = {2010},
	edition = {Fifth},
	ISBN = {9780133053043}
}

@book{Computer_Networking_and_the_Internet,
	title = {Computer Networking and the Internet},
	author = {Fred Halsall},
	publisher = {Addison-Wesley},
	year = {2005},
	edition = {Fifth},
	ISBN = {0321263588}
}

@book{Ingegneria_del_software,
	title = {Ingegneria del software},
	author = {Ian Sommerville},
	publisher = {Pearson},
	year = {2007},  
	ISBN = {8871923545}
}

@book{Understanding_the_Linux_Kernel,
	title = {Understanding the {Linux} Kernel},
	author = {Daniel P. Bovet and Marco Cesati},
	publisher = {O'Reilly Media},
	year = {2005},  
	ISBN = {0596005652}
}

@book{Windows_Server_2012,
	title = {Windows {Server} 2012. La guida},
	author = {Samara Lynn},
	publisher = {Tecniche Nuove},
	year = {2013},  
	ISBN = {8848128734}
}

@book{High_Performance_Browser_Networking,
	title = {High Performance Browser Networking},
	author = {Ilya Grigorik},
	publisher = {O'Reilly Media, Inc.},
	year = {2013},  
	ISBN = {1449344763}
}